@inproceedings{jiao2020yolov3,
  title={A YOLOv3-based Learning Strategy for Real-time UAV-based Forest Fire Detection},
  author={Jiao, Zhentian and Zhang, Youmin and Mu, Lingxia and Xin, Jing and Jiao, Shangbin and Liu, Han and Liu, Ding},
  booktitle={2020 Chinese Control And Decision Conference (CCDC)},
  pages={4963--4967},
  year={2020},
  organization={IEEE}
}
